<?xml version="1.0" encoding="UTF-8"?><record xmlns="http://www.loc.gov/MARC21/slim" xmlns:cinclude="http://apache.org/cocoon/include/1.0" xmlns:zs="http://www.loc.gov/zing/srw/">
  <leader>00427nz  a2200145n  4500</leader>
  <controlfield tag="001">no2006075687</controlfield>
  <controlfield tag="003">DLC</controlfield>
  <controlfield tag="005">20060722071031.0</controlfield>
  <controlfield tag="008">060721n| acannaabn          |a aaa     c</controlfield>
  <datafield tag="010" ind1=" " ind2=" ">
    <subfield code="a">no2006075687</subfield>
  </datafield>
  <datafield tag="035" ind1=" " ind2=" ">
    <subfield code="a">(OCoLC)oca07001674</subfield>
  </datafield>
  <datafield tag="040" ind1=" " ind2=" ">
    <subfield code="a">NJQ</subfield>
    <subfield code="b">eng</subfield>
    <subfield code="c">NJQ</subfield>
  </datafield>
  <datafield tag="100" ind1="1" ind2=" ">
    <subfield code="a">Chase, Loretta Lynda,</subfield>
    <subfield code="d">1949-</subfield>
    <subfield code="t">Mr. Impossible.</subfield>
    <subfield code="l">Russian</subfield>
  </datafield>
  <datafield tag="400" ind1="1" ind2=" ">
    <subfield code="a">Chase, Loretta Lynda,</subfield>
    <subfield code="d">1949-</subfield>
    <subfield code="t">Mister NevozmozhnyiĚ</subfield>
  </datafield>
  <datafield tag="670" ind1=" " ind2=" ">
    <subfield code="a">Mister NevozmozhnyiĚ, 2006.</subfield>
  </datafield>
</record>